<collection xmlns="http://www.loc.gov/MARC21/slim">
<record>
  <leader>01319nam0a22002531i 450 </leader>
  <controlfield tag="001">IT\ICCU\CNCE\070871</controlfield>
  <controlfield tag="005">20070919000000.0</controlfield>
  <datafield tag="012" ind1=" " ind2=" ">
    <subfield code="a">e.e. anne ila, ci&quot;d (3) 1542 (R)</subfield>
    <subfield code="2">fei</subfield>
  </datafield>
  <datafield tag="100" ind1=" " ind2=" ">
    <subfield code="a">20070606d1542        0itac0103    ba</subfield>
  </datafield>
  <datafield tag="101" ind1=" " ind2=" ">
    <subfield code="a">ITA</subfield>
  </datafield>
  <datafield tag="102" ind1=" " ind2=" ">
    <subfield code="a">IT</subfield>
  </datafield>
  <datafield tag="200" ind1="1" ind2=" ">
    <subfield code="a">Dichiaratione fatta sopra la seconda parte delle Rime della diuina Vittoria Collonna \!! marchesa di Pescara. Da Rinaldo Corso alla molto illust. mad. Veronica Gambara da Correggio. Et alle donne gentili dedicata. Nella quale i sonetti spiritali da lei fino adesso composti, et un Trionfo di croce si contiene. Con la tauola sua</subfield>
  </datafield>
  <datafield tag="210" ind1=" " ind2=" ">
    <subfield code="d">1542</subfield>
  </datafield>
  <datafield tag="215" ind1=" " ind2=" ">
    <subfield code="a">\76! c.</subfield>
    <subfield code="d">8ʻ</subfield>
  </datafield>
  <datafield tag="300" ind1=" " ind2=" ">
    <subfield code="a">Descrizione basata su esempl. mutilo della c. T4, e delle eventuali carte finali</subfield>
  </datafield>
  <datafield tag="700" ind1=" " ind2="1">
    <subfield code="a">Corso,</subfield>
    <subfield code="b">Rinaldo</subfield>
    <subfield code="3">IT\ICCU\CNCA\003095</subfield>
  </datafield>
  <datafield tag="702" ind1=" " ind2="1">
    <subfield code="a">Colonna,</subfield>
    <subfield code="b">Vittoria</subfield>
    <subfield code="3">IT\ICCU\CNCA\003132</subfield>
  </datafield>
  <datafield tag="712" ind1="0" ind2="2">
    <subfield code="a">s.n.</subfield>
    <subfield code="3">IT\ICCU\CNCT\000002</subfield>
    <subfield code="4">650</subfield>
  </datafield>
  <datafield tag="790" ind1=" " ind2="1">
    <subfield code="a">Corsus,</subfield>
    <subfield code="b">Raynaldus</subfield>
    <subfield code="3">IT\ICCU\CNCA\014013</subfield>
    <subfield code="z">Corso, Rinaldo</subfield>
  </datafield>
  <datafield tag="790" ind1=" " ind2="1">
    <subfield code="a">Corsus,</subfield>
    <subfield code="b">Rainuldus</subfield>
    <subfield code="3">IT\ICCU\CNCA\023303</subfield>
    <subfield code="z">Corso, Rinaldo</subfield>
  </datafield>
  <datafield tag="790" ind1=" " ind2="1">
    <subfield code="a">Avalos,</subfield>
    <subfield code="b">Vittoria M. d&apos;</subfield>
    <subfield code="3">IT\ICCU\CNCA\013297</subfield>
    <subfield code="z">Colonna, Vittoria</subfield>
  </datafield>
  <datafield tag="790" ind1=" " ind2="1">
    <subfield code="a">Colonna d&apos;Avalos,</subfield>
    <subfield code="b">Vittoria</subfield>
    <subfield code="3">IT\ICCU\CNCA\013298</subfield>
    <subfield code="z">Colonna, Vittoria</subfield>
  </datafield>
  <datafield tag="801" ind1=" " ind2="3">
    <subfield code="a">IT</subfield>
    <subfield code="b">ICCU</subfield>
    <subfield code="c">20201115</subfield>
  </datafield>
  <datafield tag="899" ind1=" " ind2=" ">
    <subfield code="a">Biblioteca dell&apos;Istituto italiano per gli studi storici. Napoli</subfield>
    <subfield code="1">NA0120</subfield>
    <subfield code="2">NAP CR</subfield>
  </datafield>
</record>
</collection>
